@book{DBLP:books/sp/CyganFKLMPPS15,
  author    = {Marek Cygan and
               Fedor V. Fomin and
               Lukasz Kowalik and
               Daniel Lokshtanov and
               D{\'{a}}niel Marx and
               Marcin Pilipczuk and
               Michal Pilipczuk and
               Saket Saurabh},
  title     = {Parameterized Algorithms},
  publisher = {Springer},
  year      = {2015},
  url       = {https://doi.org/10.1007/978-3-319-21275-3},
  doi       = {10.1007/978-3-319-21275-3},
  isbn      = {978-3-319-21274-6},
}
